<collection>
<record>
<leader>03464cpcaa22005537a 4500</leader>
<controlfield tag="001">13672235</controlfield>
<controlfield tag="005">20230919103035.0</controlfield>
<controlfield tag="008">040730i19421943dcu eng </controlfield>
<datafield ind1=" " ind2=" " tag="906">
<subfield code="a">7</subfield>
<subfield code="b">cbc</subfield>
<subfield code="c">orignew</subfield>
<subfield code="d">u</subfield>
<subfield code="e">ncip</subfield>
<subfield code="f">20</subfield>
<subfield code="g">y-folklife</subfield>
</datafield>
<datafield ind1=" " ind2=" " tag="955">
<subfield code="a">
mkru 2004-07-30; mkru 2004-09-30; cker 2005-01-04; mkru 2005-07-14; mkru 2010-08-31;mkru 2011-02-24
</subfield>
<subfield code="a">masmit 2021-06-08</subfield>
<subfield code="a">masmit 2023-01-03</subfield>
<subfield code="a">masmit 2023-09-19</subfield>
</datafield>
<datafield ind1=" " ind2=" " tag="010">
<subfield code="a"> 2004695194</subfield>
</datafield>
<datafield ind1=" " ind2=" " tag="040">
<subfield code="a">DLC</subfield>
<subfield code="c">DLC</subfield>
<subfield code="e">appm</subfield>
<subfield code="d">DLC</subfield>
<subfield code="d">DLC</subfield>
</datafield>
<datafield ind1=" " ind2=" " tag="043">
<subfield code="a">n-us---</subfield>
</datafield>
<datafield ind1=" " ind2=" " tag="090">
<subfield code="a">AFC 1945/001</subfield>
</datafield>
<datafield ind1="0" ind2="0" tag="245">
<subfield code="a">World War II Rumor Project collection,</subfield>
<subfield code="f">1942-1943 /</subfield>
<subfield code="c">
collected by the United States Office of War Information.
</subfield>
</datafield>
<datafield ind1=" " ind2=" " tag="300">
<subfield code="3">whole collection:</subfield>
<subfield code="a">approximately 8000</subfield>
<subfield code="f">items</subfield>
</datafield>
<datafield ind1=" " ind2=" " tag="300">
<subfield code="3">whole collection:</subfield>
<subfield code="a">10</subfield>
<subfield code="f">boxes</subfield>
<subfield code="a">(5</subfield>
<subfield code="f">linear feet)</subfield>
</datafield>
<datafield ind1=" " ind2=" " tag="300">
<subfield code="3">manuscripts:</subfield>
<subfield code="a">141</subfield>
<subfield code="f">folders</subfield>
<subfield code="a">(approx. 8000</subfield>
<subfield code="f">sheets)</subfield>
</datafield>
<datafield ind1=" " ind2=" " tag="300">
<subfield code="3">graphic materials:</subfield>
<subfield code="a">12 drawings and cartoons :</subfield>
<subfield code="b">graphite pencil, blue ink, newsprint</subfield>
</datafield>
<datafield ind1="0" ind2=" " tag="506">
<subfield code="a">
Collection is open for research; no restrictions on access. To request materials, please contact the Folklife Reading Room at
</subfield>
<subfield code="u">https://hdl.loc.gov/loc.afc/folklife.contact</subfield>
</datafield>
<datafield ind1=" " ind2=" " tag="520">
<subfield code="a">
Manuscript collection created by the Office of War Information in 1942-1943. Field representatives of various federal agencies in 42 states enlisted individuals who collected rumors generated in the United States during World War II. These individuals or "correspondents" included dentists, beauty shop operators, policemen, proprietors, and librarians who had access to rumors in their communities. Reports were submitted to Dr. Eugene Horowitz at the Bureau of Public Inquiries of OWI, who organized the materials. Rumors, jokes, rhymes, and anecdotes about the war were also collected by teachers from African American and white high school and college students; a few drawings and cartoons are included with the submissions from students.
</subfield>
</datafield>
<datafield ind1="8" ind2=" " tag="524">
<subfield code="a">
World War II Rumor Project collection (AFC 1945/001), American Folklife Center, Library of Congress, Washington, D.C.
</subfield>
</datafield>
<datafield ind1=" " ind2=" " tag="541">
<subfield code="c">Transfer,</subfield>
<subfield code="a">Office of War Information;</subfield>
<subfield code="d">1945.</subfield>
</datafield>
<datafield ind1=" " ind2=" " tag="546">
<subfield code="a">In English.</subfield>
</datafield>
<datafield ind1="0" ind2=" " tag="555">
<subfield code="a">Finding aid is available online</subfield>
<subfield code="u">https://hdl.loc.gov/loc.afc/eadafc.af010004</subfield>
</datafield>
<datafield ind1=" " ind2="0" tag="650">
<subfield code="a">Rumor</subfield>
<subfield code="z">United States.</subfield>
</datafield>
<datafield ind1=" " ind2="0" tag="650">
<subfield code="a">World War, 1939-1945</subfield>
<subfield code="x">Public opinion.</subfield>
</datafield>
<datafield ind1=" " ind2="0" tag="650">
<subfield code="a">World War, 1939-1945</subfield>
<subfield code="x">Psychological aspects.</subfield>
</datafield>
<datafield ind1=" " ind2="0" tag="650">
<subfield code="a">World War, 1939-1945</subfield>
<subfield code="v">Anecdotes.</subfield>
</datafield>
<datafield ind1=" " ind2="0" tag="650">
<subfield code="a">World War, 1939-1945</subfield>
<subfield code="x">Propaganda.</subfield>
</datafield>
<datafield ind1=" " ind2="0" tag="650">
<subfield code="a">World War, 1939-1945</subfield>
<subfield code="v">Humor.</subfield>
</datafield>
<datafield ind1=" " ind2="0" tag="650">
<subfield code="a">Urban folklore</subfield>
<subfield code="z">United States.</subfield>
</datafield>
<datafield ind1=" " ind2="0" tag="650">
<subfield code="a">High school students</subfield>
<subfield code="z">United States</subfield>
<subfield code="x">Attitudes.</subfield>
</datafield>
<datafield ind1=" " ind2="0" tag="650">
<subfield code="a">College students</subfield>
<subfield code="z">United States</subfield>
<subfield code="x">Attitudes.</subfield>
</datafield>
<datafield ind1=" " ind2="0" tag="650">
<subfield code="a">World War, 1939-1945</subfield>
<subfield code="x">African Americans.</subfield>
</datafield>
<datafield ind1=" " ind2="0" tag="650">
<subfield code="a">World War, 1939-1945</subfield>
<subfield code="x">Jews.</subfield>
</datafield>
<datafield ind1=" " ind2="0" tag="650">
<subfield code="a">World War, 1939-1945</subfield>
<subfield code="x">Japanese Americans.</subfield>
</datafield>
<datafield ind1=" " ind2="0" tag="650">
<subfield code="a">World War, 1939-1945</subfield>
<subfield code="x">German Americans.</subfield>
</datafield>
<datafield ind1=" " ind2="7" tag="655">
<subfield code="a">Manuscripts.</subfield>
<subfield code="2">aat</subfield>
</datafield>
<datafield ind1=" " ind2="7" tag="655">
<subfield code="a">Correspondence.</subfield>
<subfield code="2">aat</subfield>
</datafield>
<datafield ind1=" " ind2="7" tag="655">
<subfield code="a">Poems.</subfield>
<subfield code="2">aat</subfield>
</datafield>
<datafield ind1=" " ind2="7" tag="655">
<subfield code="a">Drawings.</subfield>
<subfield code="2">aat</subfield>
</datafield>
<datafield ind1="1" ind2=" " tag="700">
<subfield code="a">Horowitz, Eugene,</subfield>
<subfield code="e">compiler.</subfield>
</datafield>
<datafield ind1="1" ind2=" " tag="710">
<subfield code="a">United States.</subfield>
<subfield code="b">Office of War Information,</subfield>
<subfield code="e">collector.</subfield>
</datafield>
<datafield ind1=" " ind2=" " tag="852">
<subfield code="a">Library of Congress</subfield>
<subfield code="b">American Folklife Center,</subfield>
<subfield code="e">
101 Independence Ave. S.E., Washington, DC USA 20540-4610
</subfield>
<subfield code="u">https://hdl.loc.gov/loc.afc/folklife.home</subfield>
</datafield>
<datafield ind1="4" ind2="1" tag="856">
<subfield code="3">Online presentation</subfield>
<subfield code="u">https://hdl.loc.gov/loc.afc/collafc.afc1945001</subfield>
</datafield>
<datafield ind1="4" ind2="2" tag="856">
<subfield code="3">Finding aid</subfield>
<subfield code="u">https://hdl.loc.gov/loc.afc/eadafc.af010004</subfield>
</datafield>
<datafield ind1=" " ind2=" " tag="985">
<subfield code="a">afc/ead</subfield>
</datafield>
<datafield ind1=" " ind2=" " tag="985">
<subfield code="a">afc/coll</subfield>
</datafield>
</record>
</collection>